% ============================================================================
% LAKE WAIKARE DIGITAL LIBRARY - BIBLIOGRAPHY
% ============================================================================
% TODO: Add your bibliography entries here
% ============================================================================

% Add your @article{}, @book{}, @misc{} entries here

